@inproceedings{Becerra2016,
    title = {{A case study of speech recognition in Spanish: From conventional to deep approach}},
    year = {2016},
    booktitle = {2016 IEEE ANDESCON},
    author = {Becerra, Aldonso and de la Rosa, J. Ismael and Gonzalez, Efren},
    month = {10},
    pages = {1--4},
    publisher = {IEEE},
    url = {http://ieeexplore.ieee.org/document/7836212/},
    isbn = {978-1-5090-2532-9},
    doi = {10.1109/ANDESCON.2016.7836212}
}

@incollection{Sravanthi2015,
    title = {{A Dialogue System for Telugu, a Resource-Poor Language}},
    year = {2015},
    author = {Sravanthi, Mullapudi Ch. and Prathyusha, Kuncham and Mamidi, Radhika},
    pages = {364--374},
    publisher = {Springer, Cham},
    url = {http://link.springer.com/10.1007/978-3-319-18117-2_27},
    doi = {10.1007/978-3-319-18117-2{\_}27}
}

@article{Li2015,
    title = {{A Diversity-Promoting Objective Function for Neural Conversation Models}},
    year = {2015},
    author = {Li, Jiwei and Galley, Michel and Brockett, Chris and Gao, Jianfeng and Dolan, Bill},
    month = {10},
    url = {http://arxiv.org/abs/1510.03055},
    arxivId = {1510.03055}
}

@article{Vinyals2015,
    title = {{A Neural Conversational Model}},
    year = {2015},
    author = {Vinyals, Oriol and Le, Quoc},
    month = {6},
    url = {http://arxiv.org/abs/1506.05869},
    arxivId = {1506.05869}
}

@incollection{Bae2016,
    title = {{Acceleration of Word2vec Using GPUs}},
    year = {2016},
    author = {Bae, Seulki and Yi, Youngmin},
    month = {10},
    pages = {269--279},
    publisher = {Springer, Cham},
    url = {http://link.springer.com/10.1007/978-3-319-46672-9_31},
    doi = {10.1007/978-3-319-46672-9{\_}31}
}

@inproceedings{Li2017,
    title = {{Acoustic Modeling for Google Home}},
    year = {2017},
    booktitle = {Interspeech 2017},
    author = {Li, Bo and Sainath, Tara N. and Narayanan, Arun and Caroselli, Joe and Bacchiani, Michiel and Misra, Ananya and Shafran, Izhak and Sak, Haşim and Pundak, Golan and Chin, Kean and Sim, Khe Chai and Weiss, Ron J. and Wilson, Kevin W. and Variani, Ehsan and Kim, Chanwoo and Siohan, Olivier and Weintraub, Mitchel and McDermott, Erik and Rose, Richard and Shannon, Matt},
    month = {8},
    pages = {399--403},
    publisher = {ISCA},
    url = {http://www.isca-speech.org/archive/Interspeech_2017/abstracts/0234.html},
    address = {ISCA},
    doi = {10.21437/Interspeech.2017-234}
}

@inproceedings{Caroselli2017,
    title = {{Adaptive Multichannel Dereverberation for Automatic Speech Recognition}},
    year = {2017},
    booktitle = {Interspeech 2017},
    author = {Caroselli, Joe and Shafran, Izhak and Narayanan, Arun and Rose, Richard},
    month = {8},
    pages = {3877--3881},
    publisher = {ISCA},
    url = {http://www.isca-speech.org/archive/Interspeech_2017/abstracts/1791.html},
    address = {ISCA},
    doi = {10.21437/Interspeech.2017-1791}
}

@article{Luong2014,
    title = {{Addressing the Rare Word Problem in Neural Machine Translation}},
    year = {2014},
    author = {Luong, Minh-Thang and Sutskever, Ilya and Le, Quoc V. and Vinyals, Oriol and Zaremba, Wojciech},
    month = {10},
    url = {http://arxiv.org/abs/1410.8206},
    arxivId = {1410.8206}
}

@inproceedings{Bouziane2016,
    title = {{An open and free speech corpus for speaker recognition: The FSCSR speech corpus}},
    year = {2016},
    booktitle = {2016 11th International Conference on Intelligent Systems: Theories and Applications (SITA)},
    author = {Bouziane, Ayoub and Kadi, Houda and Hourri, Soufiane and Kharroubi, Jamal},
    month = {10},
    pages = {1--5},
    publisher = {IEEE},
    url = {http://ieeexplore.ieee.org/document/7772320/},
    isbn = {978-1-5090-5781-8},
    doi = {10.1109/SITA.2016.7772320}
}

@inproceedings{Abdel-Hamid2012,
    title = {{Applying Convolutional Neural Networks concepts to hybrid NN-HMM model for speech recognition}},
    year = {2012},
    booktitle = {2012 IEEE International Conference on Acoustics, Speech and Signal Processing (ICASSP)},
    author = {Abdel-Hamid, Ossama and Mohamed, Abdel-rahman and Jiang, Hui and Penn, Gerald},
    month = {3},
    pages = {4277--4280},
    publisher = {IEEE},
    url = {http://ieeexplore.ieee.org/document/6288864/},
    isbn = {978-1-4673-0046-9},
    doi = {10.1109/ICASSP.2012.6288864}
}

@article{Maas2017,
    title = {{Building DNN acoustic models for large vocabulary speech recognition}},
    year = {2017},
    journal = {Computer Speech {\&} Language},
    author = {Maas, Andrew L. and Qi, Peng and Xie, Ziang and Hannun, Awni Y. and Lengerich, Christopher T. and Jurafsky, Daniel and Ng, Andrew Y.},
    month = {1},
    pages = {195--213},
    volume = {41},
    url = {http://linkinghub.elsevier.com/retrieve/pii/S0885230816301930},
    doi = {10.1016/j.csl.2016.06.007},
    issn = {08852308}
}

@inproceedings{Io2017,
    title = {{Chatbots and conversational agents: A bibliometric analysis}},
    year = {2017},
    booktitle = {2017 IEEE International Conference on Industrial Engineering and Engineering Management (IEEM)},
    author = {Io, H. N. and Lee, C. B.},
    month = {12},
    pages = {215--219},
    publisher = {IEEE},
    url = {http://ieeexplore.ieee.org/document/8289883/},
    isbn = {978-1-5386-0948-4},
    doi = {10.1109/IEEM.2017.8289883}
}

@article{Hernandez-Mena,
    title = {{CIEMPIESS: A new open-sourced Mexican Spanish radio corpus}},
    journal = {pdfs.semanticscholar.org},
    author = {Hern{\'{a}}ndez-Mena, CD and Herrera-Camacho, JA},
    url = {https://pdfs.semanticscholar.org/cbcd/752914eafccea543f695171cc1985295d291.pdf}
}

@article{Deng2012,
    title = {{Context-Dependent Pre-trained Deep Neural Networks for Large Vocabulary Speech Recognition}},
    year = {2012},
    journal = {IEEE Transactions on Audio, Speech, and Language Processing (receiving 2013 IEEE SPS Best Paper Award)},
    author = {Deng, Li and Acero, Alex and Dahl, George and Yu, Dong},
    month = {1},
    volume = {20},
    url = {https://www.microsoft.com/en-us/research/publication/context-dependent-pre-trained-deep-neural-networks-for-large-vocabulary-speech-recognition/?from=http%3A%2F%2Fresearch.microsoft.com%2Fpubs%2F144412%2Fdbn4lvcsr-transaslp.pdf}
}

@article{Dahl2012a,
    title = {{Context-Dependent Pre-Trained Deep Neural Networks for Large-Vocabulary Speech Recognition}},
    year = {2012},
    journal = {IEEE Transactions on Audio, Speech, and Language Processing},
    author = {Dahl, G. E. and {Dong Yu} and {Li Deng} and Acero, A.},
    number = {1},
    month = {1},
    pages = {30--42},
    volume = {20},
    url = {http://ieeexplore.ieee.org/document/5740583/},
    doi = {10.1109/TASL.2011.2134090},
    issn = {1558-7916}
}

@article{Dahl2012,
    title = {{Context-Dependent Pre-Trained Deep Neural Networks for Large-Vocabulary Speech Recognition}},
    year = {2012},
    journal = {IEEE Transactions on Audio, Speech, and Language Processing},
    author = {Dahl, G. E. and {Dong Yu} and {Li Deng} and Acero, A.},
    number = {1},
    month = {1},
    pages = {30--42},
    volume = {20},
    url = {http://ieeexplore.ieee.org/document/5740583/},
    doi = {10.1109/TASL.2011.2134090},
    issn = {1558-7916}
}

@article{Ram2017,
    title = {{Conversational AI: The Science Behind the Alexa Prize}},
    year = {2017},
    author = {Ram, Ashwin and Prasad, Rohit and Khatri, Chandra and Venkatesh, Anu and Gabriel, Raefer and Liu, Qing and Nunn, Jeff and Hedayatnia, Behnam and Cheng, Ming and Nagar, Ashish and King, Eric and Bland, Kate and Wartick, Amanda and Pan, Yi and Song, Han and Jayadevan, Sk and Hwang, Gene and Pettigrue, Art},
    url = {https://arxiv.org/pdf/1801.03604.pdf}
}

@inproceedings{Sainath2015,
    title = {{Convolutional, Long Short-Term Memory, fully connected Deep Neural Networks}},
    year = {2015},
    booktitle = {2015 IEEE International Conference on Acoustics, Speech and Signal Processing (ICASSP)},
    author = {Sainath, Tara N. and Vinyals, Oriol and Senior, Andrew and Sak, Hasim},
    month = {4},
    pages = {4580--4584},
    publisher = {IEEE},
    url = {http://ieeexplore.ieee.org/document/7178838/},
    isbn = {978-1-4673-6997-8},
    doi = {10.1109/ICASSP.2015.7178838}
}

@book{Schmid2005,
    title = {{CVPR 2005 : proceedings : 2005 IEEE Computer Society Conference on Computer Vision and Pattern Recognition}},
    year = {2005},
    author = {Schmid, Cordelia. and Soatto, Stefano. and Tomasi, Carlo and {IEEE Computer Society.}},
    publisher = {IEEE Computer Society},
    isbn = {0769523722}
}

@article{Hannun2014,
    title = {{Deep Speech: Scaling up end-to-end speech recognition}},
    year = {2014},
    author = {Hannun, Awni and Case, Carl and Casper, Jared and Catanzaro, Bryan and Diamos, Greg and Elsen, Erich and Prenger, Ryan and Satheesh, Sanjeev and Sengupta, Shubho and Coates, Adam and Ng, Andrew Y.},
    month = {12},
    url = {http://arxiv.org/abs/1412.5567},
    arxivId = {1412.5567}
}

@article{Dehak2011,
    title = {{Front-End Factor Analysis for Speaker Verification}},
    year = {2011},
    journal = {IEEE TRANSACTIONS ON AUDIO, SPEECH, AND LANGUAGE PROCESSING},
    author = {Dehak, Najim and Kenny, Patrick J and Dehak, Réda and Dumouchel, Pierre and Ouellet, Pierre},
    number = {4},
    volume = {19},
    url = {http://habla.dc.uba.ar/gravano/ith-2014/presentaciones/Dehak_et_al_2010.pdf},
    doi = {10.1109/TASL.2010.2064307}
}

@article{Alvarez2016,
    title = {{Implementation of a Speech Recognition System in a DSC}},
    year = {2016},
    journal = {IEEE Latin America Transactions},
    author = {Alvarez, Alejandro Gaston and Evin, Diego Alexis and Verrastro, Sebastian},
    number = {6},
    month = {6},
    pages = {2657--2662},
    volume = {14},
    publisher = {IEEE Computer Society},
    url = {http://ieeexplore.ieee.org/document/7555234/},
    doi = {10.1109/TLA.2016.7555234},
    issn = {1548-0992}
}

@article{Miao,
    title = {{Kaldi+PDNN: Building DNN-based ASR Systems with Kaldi and PDNN}},
    author = {Miao, Yajie},
    url = {https://arxiv.org/pdf/1401.6984.pdf}
}

@inproceedings{Watanabe2017,
    title = {{Language independent end-to-end architecture for joint language identification and speech recognition}},
    year = {2017},
    booktitle = {2017 IEEE Automatic Speech Recognition and Understanding Workshop (ASRU)},
    author = {Watanabe, Shinji and Hori, Takaaki and Hershey, John R.},
    month = {12},
    pages = {265--271},
    publisher = {IEEE},
    url = {http://ieeexplore.ieee.org/document/8268945/},
    isbn = {978-1-5090-4788-8},
    doi = {10.1109/ASRU.2017.8268945}
}

@article{Calvo2016,
    title = {{Multilingual Spoken Language Understanding using graphs and multiple translations}},
    year = {2016},
    journal = {Computer Speech {\&} Language},
    author = {Calvo, Marcos and Hurtado, Lluís-Felip and Garcia, Fernando and Sanchis, Emilio and Segarra, Encarna},
    month = {7},
    pages = {86--103},
    volume = {38},
    url = {http://linkinghub.elsevier.com/retrieve/pii/S0885230816000036},
    doi = {10.1016/j.csl.2016.01.002},
    issn = {08852308}
}

@incollection{Andrews2016,
    title = {{Named Entity Recognition Through Learning from Experts}},
    year = {2016},
    author = {Andrews, Martin},
    pages = {281--292},
    publisher = {Springer, Cham},
    url = {http://link.springer.com/10.1007/978-3-319-27000-5_23},
    doi = {10.1007/978-3-319-27000-5{\_}23}
}

@article{Preece2017,
    title = {{Sherlock: Experimental Evaluation of a Conversational Agent for Mobile Information Tasks}},
    year = {2017},
    journal = {IEEE Transactions on Human-Machine Systems},
    author = {Preece, Alun and Webberley, William and Braines, Dave and Zaroukian, Erin G. and Bakdash, Jonathan Z.},
    number = {6},
    month = {12},
    pages = {1017--1028},
    volume = {47},
    publisher = {Institute of Electrical and Electronics Engineers Inc.},
    url = {http://ieeexplore.ieee.org/document/7936494/},
    doi = {10.1109/THMS.2017.2700625},
    issn = {2168-2291}
}

@article{Anusuya2009,
    title = {{Speech Recognition by Machine: A Review}},
    year = {2009},
    journal = {IJCSIS) International Journal of Computer Science and Information Security},
    author = {Anusuya, M A and Katti, S K},
    number = {3},
    volume = {6},
    url = {https://arxiv.org/pdf/1001.2267.pdf},
    keywords = {Automatic Speech Recognition, Data base, Noisy speech recognition, Robust speech recognition, Statistical Modeling, classifiers, feature extraction, performance evaluation}
}

@article{Becerra2017a,
    title = {{Speech recognition in a dialog system: from conventional to deep processing}},
    year = {2017},
    journal = {Multimedia Tools and Applications},
    author = {Becerra, Aldonso and de la Rosa, J. Ismael and Gonz{\'{a}}lez, Efrén},
    month = {9},
    pages = {1--37},
    publisher = {Springer New York LLC},
    url = {http://link.springer.com/10.1007/s11042-017-5160-5},
    doi = {10.1007/s11042-017-5160-5},
    issn = {1380-7501}
}

@article{Becerra2017,
    title = {{Speech recognition in a dialog system: from conventional to deep processing}},
    year = {2017},
    journal = {Multimedia Tools and Applications},
    author = {Becerra, Aldonso and de la Rosa, J. Ismael and Gonz{\'{a}}lez, Efrén},
    month = {9},
    pages = {1--37},
    publisher = {Springer New York LLC},
    url = {http://link.springer.com/10.1007/s11042-017-5160-5},
    doi = {10.1007/s11042-017-5160-5},
    issn = {1380-7501}
}

@article{EmilioGranellandCarlosD.Martinez-HinarejosandGuillermoAmatandJavierFernandezandAlvaroArranzandAngelRamosandJose-MiguelBenediandAlbertoSanchis2014,
    title = {{Speech Recognition on the Percepci{\'{o}}n Project}},
    year = {2014},
    journal = {Proceeding of IberSpeech},
    author = {{Emilio Granell and Carlos D. Mart{\'{i}}nez-Hinarejos and Guillermo Amat and Javier Fern{\'{a}}ndez and {\'{A}}lvaro Arranz and {\'{A}}ngel Ramos and Jos{\'{e}}-Miguel Bened{\'{i}} and Alberto Sanchis}},
    pages = {321--330},
    url = {https://www.prhlt.upv.es/wp/es/publications?module=bib&pid=1865}
}

@book{XuedongHuangAlexAceroHsiao-WuenHon201,
    title = {{Spoken language processing: A guide to theory, algorithm, and system development}},
    year = {201},
    author = {Xuedong Huang, Alex Acero, Hsiao-Wuen Hon, Raj Foreword By-Reddy},
    url = {https://scholar.google.com/citations?user=YdNmnJAAAAAJ&hl=en#d=gs_md_cita-d&p=&u=%2Fcitations%3Fview_op%3Dview_citation%26hl%3Den%26user%3DYdNmnJAAAAAJ%26citation_for_view%3DYdNmnJAAAAAJ%3AvxA22ZmNLkoC%26tzom%3D300}
}

@incollection{Banasiak2016,
    title = {{Statistical Methods of Natural Language Processing on GPU}},
    year = {2016},
    author = {Banasiak, Dariusz},
    pages = {595--604},
    publisher = {Springer, Cham},
    url = {http://link.springer.com/10.1007/978-3-319-23437-3_51},
    doi = {10.1007/978-3-319-23437-3{\_}51}
}

@article{Hwang,
    title = {{Subphonetic Modeling for Speech Recognition}},
    author = {Hwang, Mei-Yuh and Huang, Xuedong},
    url = {http://www.aclweb.org/anthology/H92-1034}
}

@incollection{Chiruzzo2015,
    title = {{Supertagging for a Statistical HPSG Parser for Spanish}},
    year = {2015},
    author = {Chiruzzo, Luis and Wonsever, Dina},
    pages = {18--26},
    volume = {9449},
    publisher = {Springer Verlag},
    url = {http://link.springer.com/10.1007/978-3-319-25789-1_3},
    isbn = {9783319257884},
    doi = {10.1007/978-3-319-25789-1{\_}3},
    issn = {16113349}
}

@inproceedings{Xiong2017,
    title = {{The microsoft 2016 conversational speech recognition system}},
    year = {2017},
    booktitle = {2017 IEEE International Conference on Acoustics, Speech and Signal Processing (ICASSP)},
    author = {Xiong, W. and Droppo, J. and Huang, X. and Seide, F. and Seltzer, M. and Stolcke, A. and Yu, D. and Zweig, G.},
    month = {3},
    pages = {5255--5259},
    publisher = {IEEE},
    url = {http://ieeexplore.ieee.org/document/7953159/},
    isbn = {978-1-5090-4117-6},
    doi = {10.1109/ICASSP.2017.7953159}
}

@inproceedings{Bansal2017,
    title = {{Towards speech-to-text translation without speech recognition}},
    year = {2017},
    author = {Bansal, Sameer and Kamper, Herman and Lopez, Adam and Goldwater, Sharon},
    pages = {474--479},
    volume = {2},
    publisher = {Association for Computational Linguistics (ACL)},
    url = {https://www.scopus.com/record/display.uri?eid=2-s2.0-85021642151&origin=resultslist&sort=plf-f&src=s&st1=asr+spanish&st2=&sid=6a7c1889fb8cd462e4e1165ecf219f70&sot=b&sdt=b&sl=26&s=TITLE-ABS-KEY%28asr+spanish%29&relpos=4&citeCnt=1&searchTerm=},
    isbn = {9781510838604}
}

@article{Becerra2018a,
    title = {{Training deep neural networks with non-uniform frame-level cost function for automatic speech recognition}},
    year = {2018},
    journal = {Multimedia Tools and Applications},
    author = {Becerra, Aldonso and de la Rosa, J. Ismael and Gonz{\'{a}}lez, Efrén and Pedroza, A. David and Escalante, N. Iracemi},
    month = {3},
    pages = {1--37},
    publisher = {Springer New York LLC},
    url = {http://link.springer.com/10.1007/s11042-018-5917-5},
    doi = {10.1007/s11042-018-5917-5},
    issn = {1380-7501}
}

@article{Becerra2018,
    title = {{Training deep neural networks with non-uniform frame-level cost function for automatic speech recognition}},
    year = {2018},
    journal = {Multimedia Tools and Applications},
    author = {Becerra, Aldonso and de la Rosa, J. Ismael and Gonz{\'{a}}lez, Efrén and Pedroza, A. David and Escalante, N. Iracemi},
    month = {3},
    pages = {1--37},
    publisher = {Springer New York LLC},
    url = {http://link.springer.com/10.1007/s11042-018-5917-5},
    doi = {10.1007/s11042-018-5917-5},
    issn = {1380-7501}
}

@inproceedings{BourlardABands,
    title = {{A mew ASR approach based on independent processing and recombination of partial frequency bands}},
    booktitle = {Proceeding of Fourth International Conference on Spoken Language Processing. ICSLP '96},
    author = {Bourlard, H. and Dupont, S.},
    pages = {426--429},
    volume = {1},
    publisher = {IEEE},
    url = {http://ieeexplore.ieee.org/document/607145/},
    isbn = {0-7803-3555-4},
    doi = {10.1109/ICSLP.1996.607145}
}

@article{Ghanbari2006APackets,
    title = {{A new approach for speech enhancement based on the adaptive thresholding of the wavelet packets}},
    year = {2006},
    journal = {Speech Communication},
    author = {Ghanbari, Yasser and Karami-Mollaei, Mohammad Reza},
    number = {8},
    month = {8},
    pages = {927--940},
    volume = {48},
    publisher = {North-Holland},
    url = {https://www.sciencedirect.com.bd.univalle.edu.co/science/article/pii/S0167639305002888#BIB6},
    doi = {10.1016/J.SPECOM.2005.12.002},
    issn = {0167-6393}
}

@article{He2014AEnvironments,
    title = {{A new framework for robust speech recognition in complex channel environments}},
    year = {2014},
    journal = {Digital Signal Processing},
    author = {He, Yongjun and Han, Jiqing and Zheng, Tieran and Sun, Guanglu},
    month = {9},
    pages = {109--123},
    volume = {32},
    publisher = {Academic Press},
    url = {https://www.sciencedirect.com.bd.univalle.edu.co/science/article/pii/S1051200414001894},
    doi = {10.1016/J.DSP.2014.06.002},
    issn = {1051-2004}
}

@inproceedings{Garcia2016AVerification,
    title = {{A new speech corpus in Spanish for speaker verification}},
    year = {2016},
    booktitle = {2016 XXI Symposium on Signal Processing, Images and Artificial Vision (STSIVA)},
    author = {Garcia, N. and Arias-Vergara, T. and Orozco-Arroyave, J. R. and Vargas-Bonilla, J. F.},
    month = {8},
    pages = {1--7},
    publisher = {IEEE},
    url = {http://ieeexplore.ieee.org/document/7743364/},
    isbn = {978-1-5090-3797-1},
    doi = {10.1109/STSIVA.2016.7743364}
}

@inproceedings{Lei2014ANetwork,
    title = {{A novel scheme for speaker recognition using a phonetically-aware deep neural network}},
    year = {2014},
    booktitle = {2014 IEEE International Conference on Acoustics, Speech and Signal Processing (ICASSP)},
    author = {Lei, Yun and Scheffer, Nicolas and Ferrer, Luciana and McLaren, Mitchell},
    month = {5},
    pages = {1695--1699},
    publisher = {IEEE},
    url = {http://ieeexplore.ieee.org/document/6853887/},
    isbn = {978-1-4799-2893-4},
    doi = {10.1109/ICASSP.2014.6853887}
}

@article{Dau1996AStructure.,
    title = {{A quantitative model of the {\&}quot;effective{\&}quot; signal processing in the auditory system. I. Model structure.}},
    year = {1996},
    journal = {The Journal of the Acoustical Society of America},
    author = {Dau, T and P{\"{u}}schel, D and Kohlrausch, A},
    number = {6},
    month = {6},
    pages = {3615--22},
    volume = {99},
    url = {http://www.ncbi.nlm.nih.gov/pubmed/8655793},
    issn = {0001-4966},
    pmid = {8655793}
}

@article{Du2016ANetworks,
    title = {{A Regression Approach to Single-Channel Speech Separation Via High-Resolution Deep Neural Networks}},
    year = {2016},
    journal = {IEEE/ACM Transactions on Audio, Speech, and Language Processing},
    author = {Du, Jun and Tu, Yanhui and Dai, Li-Rong and Lee, Chin-Hui},
    number = {8},
    month = {8},
    pages = {1424--1437},
    volume = {24},
    url = {http://ieeexplore.ieee.org/document/7460094/},
    doi = {10.1109/TASLP.2016.2558822},
    issn = {2329-9290}
}

@article{Tetreault2008ASystems,
    title = {{A Reinforcement Learning approach to evaluating state representations in spoken dialogue systems}},
    year = {2008},
    journal = {Speech Communication},
    author = {Tetreault, Joel R. and Litman, Diane J.},
    number = {8-9},
    month = {8},
    pages = {683--696},
    volume = {50},
    publisher = {North-Holland},
    url = {https://www.sciencedirect.com.bd.univalle.edu.co/science/article/pii/S0167639308000617},
    doi = {10.1016/J.SPECOM.2008.05.002},
    issn = {0167-6393}
}

@article{Hermus2006ARecognition,
    title = {{A Review of Signal Subspace Speech Enhancement and Its Application to Noise Robust Speech Recognition}},
    year = {2006},
    journal = {EURASIP Journal on Advances in Signal Processing},
    author = {Hermus, Kris and Wambacq, Patrick and Van hamme, Hugo},
    number = {1},
    month = {12},
    pages = {045821},
    volume = {2007},
    publisher = {Nature Publishing Group},
    url = {https://asp-eurasipjournals.springeropen.com/articles/10.1155/2007/45821},
    doi = {10.1155/2007/45821},
    issn = {1687-6180},
    keywords = {Image and Speech Processing, Quantum Information Technology, Signal, Spintronics}
}

@article{Siniscalchi2009ARecognition,
    title = {{A study on integrating acoustic-phonetic information into lattice rescoring for automatic speech recognition}},
    year = {2009},
    journal = {Speech Communication},
    author = {Siniscalchi, Sabato Marco and Lee, Chin-Hui},
    number = {11},
    month = {11},
    pages = {1139--1153},
    volume = {51},
    publisher = {North-Holland},
    url = {https://www.sciencedirect.com.bd.univalle.edu.co/science/article/pii/S0167639309000752},
    doi = {10.1016/J.SPECOM.2009.05.004},
    issn = {0167-6393}
}

@article{Trentin2001ARecognition,
    title = {{A survey of hybrid ANN/HMM models for automatic speech recognition}},
    year = {2001},
    journal = {Neurocomputing},
    author = {Trentin, Edmondo and Gori, Marco},
    number = {1-4},
    month = {4},
    pages = {91--126},
    volume = {37},
    publisher = {Elsevier},
    url = {https://www.sciencedirect.com.bd.univalle.edu.co/science/article/pii/S0925231200003088?via%3Dihub#BIB100},
    doi = {10.1016/S0925-2312(00)00308-8},
    issn = {0925-2312}
}

@article{RabinerARecognition,
    title = {{A Tutorial on Hidden Markov Models and Selected Applications in Speech Recognition}},
    author = {Rabiner, Lawrence R},
    url = {http://www.robots.ox.ac.uk/~vgg/rg/papers/hmm.pdf}
}

@incollection{Stark2001AbstractMachines,
    title = {{Abstract State Machines}},
    year = {2001},
    booktitle = {Java and the Java Virtual Machine},
    author = {St{\"{a}}rk, Robert F. and Schmid, Joachim and B{\"{o}}rger, Egon},
    pages = {15--28},
    publisher = {Springer Berlin Heidelberg},
    url = {http://link.springer.com/10.1007/978-3-642-59495-3_2},
    address = {Berlin, Heidelberg},
    doi = {10.1007/978-3-642-59495-3{\_}2}
}

@article{Celis2017AcousticRegion,
    title = {{Acoustic and Language Modeling for Speech Recognition of a Spanish Dialect from the Cucuta Colombian Region}},
    year = {2017},
    journal = {Ingenier{\'{i}}a},
    author = {Celis, J. and Llanos, R. and {B.Medina} and Sep{\'{u}}lveda, S. and Castro, S.},
    number = {3},
    pages = {362--376},
    volume = {22},
    url = {https://doi.org/10.14483/23448393.11616},
    doi = {10.14483/23448393.11616},
    keywords = {CMU Sphinx, Raspberry Pi Language, Spanish, Speech Recognition, acoustic models, language models}
}

@article{Li2017AcousticHome,
    title = {{Acoustic Modeling for Google Home}},
    year = {2017},
    author = {Li, Bo and Sainath, Tara N and Narayanan, Arun and Caroselli, Joe and Bacchiani, Michiel and Misra, Ananya and Shafran, Izhak and Sak, Hasim and Pundak, Golan and Chin, Kean and Chai Sim, Khe and Weiss, Ron J and Wilson, Kevin W and Variani, Ehsan and Kim, Chanwoo and Siohan, Olivier and Weintraub, Mitchel and McDermott, Erik and Rose, Richard and Shannon, Matt},
    url = {https://www.isca-speech.org/archive/Interspeech_2017/pdfs/0234.PDF},
    doi = {10.21437/Interspeech.2017-234},
    keywords = {[Electronic Manuscript]}
}

@article{Ortega-Garcia2000AHUMADA:Identification,
    title = {{AHUMADA: A large speech corpus in Spanish for speaker characterization and identification}},
    year = {2000},
    journal = {Speech Communication},
    author = {Ortega-Garcia, Javier and Gonzalez-Rodriguez, Joaquin and Marrero-Aguiar, Victoria},
    number = {2-3},
    month = {6},
    pages = {255--264},
    volume = {31},
    publisher = {Elsevier Science Publishers B.V.},
    url = {http://linkinghub.elsevier.com/retrieve/pii/S0167639399000813},
    doi = {10.1016/S0167-6393(99)00081-3},
    issn = {01676393}
}

@article{CampilloAlbayzinEvaluation,
    title = {{Albayz{\'{i}}n 2010: a Spanish text to speech evaluation}},
    author = {Campillo, Francisco and M{\'{e}}ndez, Francisco and Arza, Montserrat and Doc{\'{i}}o, Laura and Bonafonte, Antonio and Navas, Eva and Sainz, Iñaki},
    url = {https://www.isca-speech.org/archive/archive_papers/interspeech_2011/i11_2161.pdf},
    keywords = {Index Terms, evaluation, listening test, speech synthesis}
}

@inproceedings{Bouziane2016AnCorpus,
    title = {{An open and free speech corpus for speaker recognition: The FSCSR speech corpus}},
    year = {2016},
    booktitle = {2016 11th International Conference on Intelligent Systems: Theories and Applications (SITA)},
    author = {Bouziane, Ayoub and Kadi, Houda and Hourri, Soufiane and Kharroubi, Jamal},
    month = {10},
    pages = {1--5},
    publisher = {IEEE},
    url = {http://ieeexplore.ieee.org/document/7772320/},
    isbn = {978-1-5090-5781-8},
    doi = {10.1109/SITA.2016.7772320}
}

@article{Lee1990AnSystem,
    title = {{An overview of the SPHINX speech recognition system}},
    year = {1990},
    journal = {IEEE Transactions on Acoustics, Speech, and Signal Processing},
    author = {Lee, K.-F. and Hon, H.-W. and Reddy, R.},
    number = {1},
    pages = {35--45},
    volume = {38},
    url = {http://ieeexplore.ieee.org/document/45616/},
    doi = {10.1109/29.45616},
    issn = {00963518}
}

@book{Polos1995AppliedLanguage,
    title = {{Applied Logic: How, What and Why : Logical Approaches to Natural Language}},
    year = {1995},
    author = {Pólos, László. and Masuch, Michael.},
    pages = {392},
    publisher = {Springer Netherlands},
    isbn = {9789401585330}
}

@article{Su2014AutomaticRecognition,
    title = {{Automatic Complexity Control of Generalized Variable Parameter HMMs for Noise Robust Speech Recognition}},
    year = {2014},
    journal = {IEEE/ACM Transactions on Audio, Speech, and Language Processing},
    author = {Su, Rongfeng and Liu, Xunying and Wang, Lan},
    pages = {1--1},
    url = {http://ieeexplore.ieee.org/document/6963456/},
    doi = {10.1109/TASLP.2014.2372901},
    issn = {2329-9290}
}

@article{Velichko1970AutomaticWords,
    title = {{Automatic recognition of 200 words}},
    year = {1970},
    journal = {International Journal of Man-Machine Studies},
    author = {Velichko, V.M. and Zagoruyko, N.G.},
    number = {3},
    month = {7},
    pages = {223--234},
    volume = {2},
    publisher = {Academic Press},
    url = {https://www.sciencedirect.com/science/article/pii/S0020737370800086},
    doi = {10.1016/S0020-7373(70)80008-6},
    issn = {0020-7373}
}

@article{Davis1952AutomaticDigits,
    title = {{Automatic Recognition of Spoken Digits}},
    year = {1952},
    journal = {The Journal of the Acoustical Society of America},
    author = {Davis, K. H. and Biddulph, R. and Balashek, S.},
    number = {6},
    month = {11},
    pages = {637--642},
    volume = {24},
    url = {http://asa.scitation.org/doi/10.1121/1.1906946},
    doi = {10.1121/1.1906946},
    issn = {0001-4966}
}

@book{YuAutomaticApproach,
    title = {{Automatic speech recognition : a deep learning approach}},
    author = {Yu, Dong and Deng, Li},
    pages = {321},
    isbn = {9781447157786}
}

@article{Tsilfidis2013AutomaticPreprocessing,
    title = {{Automatic speech recognition performance in different room acoustic environments with and without dereverberation preprocessing}},
    year = {2013},
    journal = {Computer Speech {\&} Language},
    author = {Tsilfidis, Alexandros and Mporas, Iosif and Mourjopoulos, John and Fakotakis, Nikos},
    number = {1},
    month = {1},
    pages = {380--395},
    volume = {27},
    publisher = {Academic Press},
    url = {https://www.sciencedirect.com.bd.univalle.edu.co/science/article/pii/S0885230812000526},
    doi = {10.1016/J.CSL.2012.07.004},
    issn = {0885-2308}
}

@article{Thomson2010BayesianSystems,
    title = {{Bayesian update of dialogue state: A POMDP framework for spoken dialogue systems}},
    year = {2010},
    journal = {Computer Speech {\&} Language},
    author = {Thomson, Blaise and Young, Steve},
    number = {4},
    month = {10},
    pages = {562--588},
    volume = {24},
    publisher = {Academic Press},
    url = {https://www.sciencedirect.com.bd.univalle.edu.co/science/article/pii/S0885230809000497},
    doi = {10.1016/J.CSL.2009.07.003},
    issn = {0885-2308}
}

@article{Hakkani-Tur2006BeyondUnderstanding,
    title = {{Beyond ASR 1-best: Using word confusion networks in spoken language understanding}},
    year = {2006},
    journal = {Computer Speech {\&} Language},
    author = {Hakkani-T{\"{u}}r, Dilek and B{\'{e}}chet, Frédéric and Riccardi, Giuseppe and Tur, Gokhan},
    number = {4},
    month = {10},
    pages = {495--514},
    volume = {20},
    publisher = {Academic Press},
    url = {https://www.sciencedirect.com.bd.univalle.edu.co/science/article/pii/S0885230805000495#BIB6},
    doi = {10.1016/J.CSL.2005.07.005},
    issn = {0885-2308}
}

@incollection{Espinosa2005BuildingFestival,
    title = {{Building and Training of a New Mexican Spanish Voice for Festival}},
    year = {2005},
    author = {Espinosa, Humberto Pérez and Garc{\'{i}}a, Carlos Alberto Reyes},
    month = {11},
    pages = {870--879},
    publisher = {Springer, Berlin, Heidelberg},
    url = {http://link.springer.com/10.1007/11579427_89},
    doi = {10.1007/11579427{\_}89}
}

@inproceedings{ChowBYBLOS:System,
    title = {{BYBLOS: The BBN continuous speech recognition system}},
    booktitle = {ICASSP '87. IEEE International Conference on Acoustics, Speech, and Signal Processing},
    author = {Chow, Y. and Dunham, M. and Kimball, O. and Krasner, M. and Kubala, G. and Makhoul, J. and Price, P. and Roucos, S. and Schwartz, R.},
    pages = {89--92},
    volume = {12},
    publisher = {Institute of Electrical and Electronics Engineers},
    url = {http://ieeexplore.ieee.org/document/1169748/},
    doi = {10.1109/ICASSP.1987.1169748}
}

@article{Hernandez-MenaCIEMPIESS:Corpus,
    title = {{CIEMPIESS: A New Open-Sourced Mexican Spanish Radio Corpus}},
    author = {Hern{\'{a}}ndez-Mena, Carlos D and Herrera-Camacho, Abel},
    url = {http://www.lrec-conf.org/proceedings/lrec2014/pdf/182_Paper.pdf},
    keywords = {mexican allophones, mexican phonemes, mexican spanish corpus, spanish radio corpus}
}

@article{Kirchhoff2002CombiningRecognition,
    title = {{Combining acoustic and articulatory feature information for robust speech recognition}},
    year = {2002},
    journal = {Speech Communication},
    author = {Kirchhoff, Katrin and Fink, Gernot A and Sagerer, Gerhard},
    number = {3-4},
    month = {7},
    pages = {303--319},
    volume = {37},
    publisher = {North-Holland},
    url = {https://www.sciencedirect.com/science/article/pii/S0167639301000206?via%3Dihub},
    doi = {10.1016/S0167-6393(01)00020-6},
    issn = {0167-6393}
}

@article{Kleinschmidt2001CombiningRecognition,
    title = {{Combining speech enhancement and auditory feature extraction for robust speech recognition}},
    year = {2001},
    journal = {Speech Communication},
    author = {Kleinschmidt, Michael and Tchorz, Jürgen and Kollmeier, Birger},
    number = {1-2},
    month = {4},
    pages = {75--91},
    volume = {34},
    publisher = {North-Holland},
    url = {https://www.sciencedirect.com.bd.univalle.edu.co/science/article/pii/S0167639300000479#BIB6},
    doi = {10.1016/S0167-6393(00)00047-9},
    issn = {0167-6393}
}

@article{Davis1980ComparisonSentences,
    title = {{Comparison of parametric representations for monosyllabic word recognition in continuously spoken sentences}},
    year = {1980},
    journal = {IEEE Transactions on Acoustics, Speech, and Signal Processing},
    author = {Davis, S. and Mermelstein, P.},
    number = {4},
    month = {8},
    pages = {357--366},
    volume = {28},
    url = {http://ieeexplore.ieee.org/document/1163420/},
    doi = {10.1109/TASSP.1980.1163420},
    issn = {0096-3518}
}

@misc{TheGoProgrammingLanguageConcurrencyGo,
    title = {{Concurrency in Go}},
    author = {{The Go Programming Language}},
    url = {https://tour.golang.org/concurrency/1}
}

@article{Jiang2005ConfidenceSurvey,
    title = {{Confidence measures for speech recognition: A survey}},
    year = {2005},
    journal = {Speech Communication},
    author = {Jiang, Hui},
    number = {4},
    month = {4},
    pages = {455--470},
    volume = {45},
    publisher = {North-Holland},
    url = {https://www.sciencedirect.com/science/article/pii/S0167639305000051?via%3Dihub},
    doi = {10.1016/J.SPECOM.2004.12.004},
    issn = {0167-6393}
}

@misc{Corpus1998,
    title = {{Corpus orales para la fon{\'{e}}tica y las tecnolog{\'{i}}as del habla (Fundaci{\'{o}}n Duques de Soria, 1998)}},
    url = {http://liceu.uab.es/~joaquim/language_resources/FDS98/Guion_Bib_FDS_98.html}
}

@article{Barker2005DecodingSources,
    title = {{Decoding speech in the presence of other sources}},
    year = {2005},
    journal = {Speech Communication},
    author = {Barker, J.P. and Cooke, M.P. and Ellis, D.P.W.},
    number = {1},
    month = {1},
    pages = {5--25},
    volume = {45},
    publisher = {North-Holland},
    url = {https://www.sciencedirect.com.bd.univalle.edu.co/science/article/pii/S0167639304000615#BIB6},
    doi = {10.1016/J.SPECOM.2004.05.002},
    issn = {0167-6393}
}

@article{Weng2015DeepRecognition,
    title = {{Deep Neural Networks for Single-Channel Multi-Talker Speech Recognition}},
    year = {2015},
    journal = {IEEE/ACM Transactions on Audio, Speech, and Language Processing},
    author = {Weng, Chao and Yu, Dong and Seltzer, Michael L. and Droppo, Jasha},
    number = {10},
    month = {10},
    pages = {1670--1679},
    volume = {23},
    url = {http://ieeexplore.ieee.org/document/7122291/},
    doi = {10.1109/TASLP.2015.2444659},
    issn = {2329-9290}
}

@article{Baker2009DevelopmentsEducation,
    title = {{Developments and directions in speech recognition and understanding, Part 1 [DSP Education]}},
    year = {2009},
    journal = {IEEE Signal Processing Magazine},
    author = {Baker, J. and {Li Deng} and Glass, J. and Khudanpur, S. and {Chin-hui Lee} and Morgan, N. and O'Shaughnessy, D.},
    number = {3},
    month = {5},
    pages = {75--80},
    volume = {26},
    url = {http://ieeexplore.ieee.org/document/4815544/},
    doi = {10.1109/MSP.2009.932166},
    issn = {1053-5888}
}

@article{Pineda2004DIMEx100:Spanish,
    title = {{DIMEx100: A New Phonetic and Speech Corpus for Mexican Spanish}},
    year = {2004},
    journal = {LNAI},
    author = {Pineda, Luis A and Pineda, Luis Villaseñor and Cu{\'{e}}tara, Javier and Castellanos, Hayde and L{\'{o}}pez, Ivonne},
    pages = {974--983},
    volume = {3315},
    url = {http://citeseerx.ist.psu.edu/viewdoc/download?doi=10.1.1.716.9402&rep=rep1&type=pdf}
}

@article{Dehzangi2012DiscriminativeCodes,
    title = {{Discriminative feature extraction for speech recognition using continuous output codes}},
    year = {2012},
    journal = {Pattern Recognition Letters},
    author = {Dehzangi, Omid and Ma, Bin and Chng, Eng Siong and Li, Haizhou},
    number = {13},
    month = {10},
    pages = {1703--1709},
    volume = {33},
    publisher = {North-Holland},
    url = {https://www.sciencedirect.com.bd.univalle.edu.co/science/article/pii/S0167865512001808},
    doi = {10.1016/J.PATREC.2012.05.012},
    issn = {0167-8655}
}

@book{Woelfel2009DistantRecognition,
    title = {{Distant speech recognition}},
    year = {2009},
    author = {Woelfel, Matthias. and McDonough, John (John W.) and {Wiley InterScience (Online service)}},
    pages = {573},
    publisher = {Wiley},
    url = {https://www.wiley.com/en-us/Distant+Speech+Recognition-p-9780470517048},
    isbn = {9780470517048}
}

@article{Sakoe1978DynamicRecognition,
    title = {{Dynamic programming algorithm optimization for spoken word recognition}},
    year = {1978},
    journal = {IEEE Transactions on Acoustics, Speech, and Signal Processing},
    author = {Sakoe, H. and Chiba, S.},
    number = {1},
    month = {2},
    pages = {43--49},
    volume = {26},
    url = {http://ieeexplore.ieee.org/document/1163055/},
    doi = {10.1109/TASSP.1978.1163055},
    issn = {0096-3518}
}

@inproceedings{EvansEfficientCorpus,
    title = {{Efficient real-time noise estimation without explicit speech, non-speech detection: an assessment on the AURORA corpus}},
    booktitle = {2002 14th International Conference on Digital Signal Processing Proceedings. DSP 2002 (Cat. No.02TH8628)},
    author = {Evans, N.W.D. and Mason, J.S. and Fauve, B.},
    pages = {985--988},
    volume = {2},
    publisher = {IEEE},
    url = {http://ieeexplore.ieee.org/document/1028255/},
    isbn = {0-7803-7503-3},
    doi = {10.1109/ICDSP.2002.1028255}
}

@article{Yoshioka2015EnvironmentallyModels,
    title = {{Environmentally robust ASR front-end for deep neural network acoustic models}},
    year = {2015},
    journal = {Computer Speech {\&} Language},
    author = {Yoshioka, T. and Gales, M.J.F.},
    number = {1},
    month = {5},
    pages = {65--86},
    volume = {31},
    publisher = {Academic Press},
    url = {https://www.sciencedirect.com.bd.univalle.edu.co/science/article/pii/S0885230814001259},
    doi = {10.1016/J.CSL.2014.11.008},
    issn = {0885-2308}
}

@article{GurevichEvolving,
    title = {{Evolving Algebras 1993: Lipari Guide *}},
    author = {Gurevich, Yuri},
    url = {https://www.microsoft.com/en-us/research/wp-content/uploads/2017/01/103.pdf}
}

@article{Moss1995EvolvingLanguage,
    title = {{Evolving Algebras and Mathematical Models of Language}},
    year = {1995},
    author = {Moss, Lawrence and Johnson, David},
    pages = {143--176},
    publisher = {Springer Netherlands},
    isbn = {9789401585330}
}

@article{Gurevich1991EVOLVINGSEMANTICS,
    title = {{EVOLVING ALGEBRAS: AN ATTEMPT TO DISCOVER SEMANTICS}},
    year = {1991},
    journal = {Bulletin of European Assoc. for Theor. Computer Science Eds. G. Rozenberg and A. Salomaa, World Scientiic},
    author = {Gurevich, Yuri},
    number = {43},
    url = {http://people.csail.mit.edu/dnj/teaching/6898/papers/asm-tutorial.pdf}
}

@inproceedings{Lucke1992ExpandingCorpus,
    title = {{Expanding the vocabulary of a connectionist recognizer trained on the DARPA Resource Management corpus}},
    year = {1992},
    booktitle = {[Proceedings] ICASSP-92: 1992 IEEE International Conference on Acoustics, Speech, and Signal Processing},
    author = {Lucke, H. and Fallside, F.},
    pages = {605--608},
    publisher = {IEEE},
    url = {http://ieeexplore.ieee.org/document/225836/},
    isbn = {0-7803-0532-9},
    doi = {10.1109/ICASSP.1992.225836}
}

@incollection{Villasenor-Pineda2004ExperimentsWeb,
    title = {{Experiments on the Construction of a Phonetically Balanced Corpus from the Web}},
    year = {2004},
    author = {Villase{\~{n}}or-Pineda, Luis and Montes-y-G{\'{o}}mez, Manuel and Vaufreydaz, Dominique and Serignat, Jean-François},
    pages = {416--419},
    publisher = {Springer, Berlin, Heidelberg},
    url = {http://link.springer.com/10.1007/978-3-540-24630-5_50},
    doi = {10.1007/978-3-540-24630-5{\_}50}
}

@misc{TheGoProgrammingLanguageFirst-ClassGo,
    title = {{First-Class Functions in Go}},
    author = {{The Go Programming Language}},
    url = {https://golang.org/doc/codewalk/functions/}
}

@misc{TheGoProgrammingLanguageFrequentlyQuestion,
    title = {{Frequently Asked Question}},
    author = {{The Go Programming Language}},
    url = {https://golang.org/doc/faq#Origins}
}

@article{Dehak2011Front-EndVerification,
    title = {{Front-End Factor Analysis for Speaker Verification}},
    year = {2011},
    journal = {IEEE TRANSACTIONS ON AUDIO, SPEECH, AND LANGUAGE PROCESSING},
    author = {Dehak, Najim and Kenny, Patrick J and Dehak, Réda and Dumouchel, Pierre and Ouellet, Pierre},
    number = {4},
    volume = {19},
    url = {http://habla.dc.uba.ar/gravano/ith-2014/presentaciones/Dehak_et_al_2010.pdf},
    doi = {10.1109/TASL.2010.2064307}
}

@misc{FunctionalMedium,
    title = {{Functional Go – Geison – Medium}},
    url = {https://medium.com/@geisonfgfg/functional-go-bc116f4c96a4}
}

@book{Rabiner1993FundamentalsRecognition,
    title = {{Fundamentals of speech recognition}},
    year = {1993},
    author = {Rabiner, Lawrence R. and Juang, B. H. (Biing-Hwang)},
    pages = {507},
    publisher = {PTR Prentice Hall},
    url = {https://dl.acm.org/citation.cfm?id=153687},
    isbn = {0130151572}
}

@article{SchultzGLOBALPHONE:UNIVERSITY,
    title = {{GLOBALPHONE: A MULTILINGUAL SPEECH AND TEXT DATABASE DEVELOPED AT KARLSRUHE UNIVERSITY}},
    author = {Schultz, Tanja},
    url = {http://www.cs.cmu.edu/~tanja/Papers/schultz_icslp02.pdf}
}

@misc{GrupoHabla,
    title = {{Grupo de Procesamiento del Habla}},
    url = {http://habla.dc.uba.ar/}
}

@book{Katagiri2000HandbookProcessing,
    title = {{Handbook of neural networks for speech processing}},
    year = {2000},
    author = {Katagiri, Shigeru.},
    pages = {522},
    publisher = {Artech House},
    isbn = {0890069549}
}

@article{MiaoIEEE/ACMI-vectors,
    title = {{IEEE/ACM TRANSACTIONS ON AUDIO, SPEECH, AND LANGUAGE PROCESSING, VOL. XX, NO. XX, MONTH YEAR 1 Speaker Adaptive Training of Deep Neural Network Acoustic Models using I-vectors}},
    author = {Miao, Yajie and Zhang, Hao and Metze, Florian},
    url = {https://www.cs.cmu.edu/~ymiao/pub/tasl_sat.pdf},
    keywords = {Index Terms—Deep neural networks, acoustic modeling, speaker adaptive train-ing}
}

@article{KrizhevskyImageNetNetworks,
    title = {{ImageNet Classification with Deep Convolutional Neural Networks}},
    author = {Krizhevsky, Alex and Sutskever, Ilya and Hinton, Geoffrey E},
    url = {https://www.nvidia.cn/content/tesla/pdf/machine-learning/imagenet-classification-with-deep-convolutional-nn.pdf}
}

@article{Narayanan2014ImprovingTraining,
    title = {{Improving robustness of deep neural network acoustic models via speech separation and joint adaptive training}},
    year = {2014},
    journal = {IEEE/ACM Transactions on Audio, Speech, and Language Processing},
    author = {Narayanan, Arun and Wang, DeLiang},
    pages = {1--1},
    url = {http://ieeexplore.ieee.org/document/6963387/},
    doi = {10.1109/TASLP.2014.2372314},
    issn = {2329-9290}
}

@incollection{Olaso2010IntegratingLanguage,
    title = {{Integrating Phonological Knowledge in ASR Systems for Spanish Language}},
    year = {2010},
    author = {Olaso, Javier Mikel and Torres, María Inés},
    pages = {136--143},
    publisher = {Springer, Berlin, Heidelberg},
    url = {http://link.springer.com/10.1007/978-3-642-16687-7_22},
    doi = {10.1007/978-3-642-16687-7{\_}22}
}

@article{OShaughnessy2008InvitedChallenges,
    title = {{Invited paper: Automatic speech recognition: History, methods and challenges}},
    year = {2008},
    journal = {Pattern Recognition},
    author = {O’Shaughnessy, Douglas},
    number = {10},
    month = {10},
    pages = {2965--2979},
    volume = {41},
    publisher = {Pergamon},
    url = {https://www.sciencedirect.com.bd.univalle.edu.co/science/article/pii/S0031320308001799#BIB6},
    doi = {10.1016/J.PATCOG.2008.05.008},
    issn = {0031-3203}
}

@article{PanayotovLIBRISPEECH:BOOKS,
    title = {{LIBRISPEECH: AN ASR CORPUS BASED ON PUBLIC DOMAIN AUDIO BOOKS}},
    author = {Panayotov, Vassil and Chen, Guoguo and Povey, Daniel and Khudanpur, Sanjeev},
    url = {https://www.danielpovey.com/files/2015_icassp_librispeech.pdf},
    keywords = {Corpus, Index Terms— Speech Recognition, LibriVox}
}

@inproceedings{WeintraubLinguisticRecognition,
    title = {{Linguistic constraints in hidden Markov model based speech recognition}},
    booktitle = {International Conference on Acoustics, Speech, and Signal Processing},
    author = {Weintraub, M. and Murveit, H. and Cohen, M. and Price, P. and Bernstein, J. and Baldwin, G. and Bell, D.},
    pages = {699--702},
    publisher = {IEEE},
    url = {http://ieeexplore.ieee.org/document/266523/},
    doi = {10.1109/ICASSP.1989.266523}
}

@article{GurevichLogicScience,
    title = {{Logic and the Challenge of Computer Science*}},
    author = {Gurevich, Yuri},
    url = {http://web.eecs.umich.edu/~gurevich/Opera/74.pdf}
}

@article{BorgerLogicApproach,
    title = {{Logic Programming: The Evolving Algebra Approach}},
    author = {Borger, Egon},
    url = {http://citeseerx.ist.psu.edu/viewdoc/download;jsessionid=DD14860A8E883686EC0F6600E5B31B2E?doi=10.1.1.40.5088&rep=rep1&type=pdf}
}

@article{Zou2014Mariana:Applications,
    title = {{Mariana: Tencent Deep Learning Platform and its Applications}},
    year = {2014},
    journal = {Proceedings of the VLDB Endowment},
    author = {Zou, Yongqiang and Jin, Xing and Li, Yi and Guo, Zhimao and Wang, Eryu and Xiao, Bin},
    number = {13},
    month = {8},
    pages = {1772--1777},
    volume = {7},
    publisher = {VLDB Endowment},
    url = {http://dl.acm.org/citation.cfm?doid=2733004.2733082},
    doi = {10.14778/2733004.2733082}
}

@misc{TheGoProgrammingLanguageMethods,
    title = {{Methods}},
    author = {{The Go Programming Language}},
    url = {https://tour.golang.org/methods/1}
}

@article{Itakura1975MinimumRecognition,
    title = {{Minimum prediction residual principle applied to speech recognition}},
    year = {1975},
    journal = {IEEE Transactions on Acoustics, Speech, and Signal Processing},
    author = {Itakura, F.},
    number = {1},
    month = {2},
    pages = {67--72},
    volume = {23},
    url = {http://ieeexplore.ieee.org/document/1162641/},
    doi = {10.1109/TASSP.1975.1162641},
    issn = {0096-3518}
}

@article{GarciaGarcia2011ModuloDialogo,
    title = {{M{\'{o}}dulo de reconocimiento de voz a texto independiente de locutor para sistemas de di{\'{a}}logo}},
    year = {2011},
    journal = {Pontificia Universidad Cat{\'{o}}lica del Per{\'{u}}},
    author = {Garc{\'{i}}a Garc{\'{i}}a, Ursula del Milagro},
    month = {5},
    publisher = {Pontificia Universidad Cat{\'{o}}lica del Per{\'{u}}},
    url = {http://tesis.pucp.edu.pe/repositorio/handle/123456789/287},
    keywords = {Computadoras, Dispositivos de almacenamiento, Procesamiento de se{\~{n}}ales, Reconocimiento del habla, Sistemas de procesamiento de voz}
}

@inproceedings{McAuliffe2017MontrealKaldi,
    title = {{Montreal Forced Aligner: Trainable Text-Speech Alignment Using Kaldi}},
    year = {2017},
    booktitle = {Interspeech 2017},
    author = {McAuliffe, Michael and Socolof, Michaela and Mihuc, Sarah and Wagner, Michael and Sonderegger, Morgan},
    month = {8},
    pages = {498--502},
    publisher = {ISCA},
    url = {http://www.isca-speech.org/archive/Interspeech_2017/abstracts/1386.html},
    address = {ISCA},
    doi = {10.21437/Interspeech.2017-1386}
}

@article{Caballero2009MultidialectalRecognition,
    title = {{Multidialectal Spanish acoustic modeling for speech recognition}},
    year = {2009},
    journal = {Speech Communication},
    author = {Caballero, Mónica and Moreno, Asunción and Nogueiras, Albino},
    number = {3},
    month = {3},
    pages = {217--229},
    volume = {51},
    publisher = {North-Holland},
    url = {https://www.sciencedirect.com/science/article/pii/S0167639308001313?via%3Dihub},
    doi = {10.1016/J.SPECOM.2008.08.003},
    issn = {0167-6393}
}

@misc{TheGoProgrammingLanguageMutex,
    title = {{Mutex}},
    author = {{The Go Programming Language}},
    url = {https://tour.golang.org/concurrency/9}
}

@article{Qian2016NeuralRecognition,
    title = {{Neural Network Based Multi-Factor Aware Joint Training for Robust Speech Recognition}},
    year = {2016},
    journal = {IEEE/ACM Transactions on Audio, Speech, and Language Processing},
    author = {Qian, Yanmin and Tan, Tian and Yu, Dong},
    number = {12},
    month = {12},
    pages = {2231--2240},
    volume = {24},
    url = {http://ieeexplore.ieee.org/document/7533439/},
    doi = {10.1109/TASLP.2016.2598308},
    issn = {2329-9290}
}

@incollection{Vacher2015OnAutomation,
    title = {{On Distant Speech Recognition for Home Automation}},
    year = {2015},
    author = {Vacher, Michel and Lecouteux, Benjamin and Portet, François},
    pages = {161--188},
    publisher = {Springer, Cham},
    url = {http://link.springer.com/10.1007/978-3-319-16226-3_7},
    doi = {10.1007/978-3-319-16226-3{\_}7}
}

@inproceedings{SieglerOnSystems,
    title = {{On the effects of speech rate in large vocabulary speech recognition systems}},
    booktitle = {1995 International Conference on Acoustics, Speech, and Signal Processing},
    author = {Siegler, M.A. and Stern, R.M.},
    pages = {612--615},
    volume = {1},
    publisher = {IEEE},
    url = {http://ieeexplore.ieee.org/document/479672/},
    isbn = {0-7803-2431-5},
    doi = {10.1109/ICASSP.1995.479672}
}

@article{Hermansky1990PerceptualSpeech,
    title = {{Perceptual linear predictive (PLP) analysis of speech}},
    year = {1990},
    journal = {The Journal of the Acoustical Society of America},
    author = {Hermansky, Hynek},
    number = {4},
    month = {4},
    pages = {1738--1752},
    volume = {87},
    publisher = {Acoustical Society of America},
    url = {http://asa.scitation.org/doi/10.1121/1.399423},
    doi = {10.1121/1.399423},
    issn = {0001-4966}
}

@article{Waibel1989PhonemeNetworks,
    title = {{Phoneme recognition using time-delay neural networks}},
    year = {1989},
    journal = {IEEE Transactions on Acoustics, Speech, and Signal Processing},
    author = {Waibel, A. and Hanazawa, T. and Hinton, G. and Shikano, K. and Lang, K.J.},
    number = {3},
    month = {3},
    pages = {328--339},
    volume = {37},
    url = {http://ieeexplore.ieee.org/document/21701/},
    doi = {10.1109/29.21701},
    issn = {00963518}
}

@article{Olson1957PhoneticTypewriter,
    title = {{Phonetic typewriter}},
    year = {1957},
    journal = {IRE Transactions on Audio},
    author = {Olson, H. and Belar, H.},
    number = {4},
    month = {7},
    pages = {90--95},
    volume = {AU-5},
    url = {http://ieeexplore.ieee.org/document/1166018/},
    doi = {10.1109/TAU.1957.1166018},
    issn = {0096-1981}
}

@article{Gorman2011Prosodylab-aligner:Speech,
    title = {{Prosodylab-aligner: A tool for forced alignment of laboratory speech}},
    year = {2011},
    journal = {Canadian Acoustics},
    author = {Gorman, Kyle and Howell, Jonathan and {Michael Wagner}},
    number = {3},
    month = {9},
    pages = {192--193},
    volume = {39},
    publisher = {Canadian Acoustical Association = Association canadienne de l'acoustique},
    url = {https://jcaa.caa-aca.ca/index.php/jcaa/article/view/2476}
}

@article{VuRapidTraining,
    title = {{Rapid building of an ASR system for Under-Resourced Languages based on Multilingual Unsupervised Training}},
    author = {Vu, Ngoc Thang and Kraus, Franziska and Schultz, Tanja},
    url = {https://www.isca-speech.org/archive/archive_papers/interspeech_2011/i11_3145.pdf},
    keywords = {Index Terms, multilingual A-Stabil, rapid language adaptation of ASR, unsupervised training}
}

@article{DengRECENTMICROSOFT,
    title = {{RECENT ADVANCES IN DEEP LEARNING FOR SPEECH RESEARCH AT MICROSOFT}},
    author = {Deng, Li and Li, Jinyu and Huang, Jui-Ting and Yao, Kaisheng and Yu, Dong and Seide, Frank and Seltzer, Michael L and Zweig, Geoff and He, Xiaodong and Williams, Jason and Gong, Yifan and Acero, Alex},
    url = {https://www.microsoft.com/en-us/research/wp-content/uploads/2016/02/ICASSP-2013-OverviewMSRDeepLearning.pdf},
    keywords = {Index Terms— deep learning, convolution, dialogue, multilingual, neural network, spectral features, speech recognition}
}

@article{Raj2004ReconstructionRecognition,
    title = {{Reconstruction of missing features for robust speech recognition}},
    year = {2004},
    journal = {Speech Communication},
    author = {Raj, Bhiksha and Seltzer, Michael L. and Stern, Richard M.},
    number = {4},
    month = {9},
    pages = {275--296},
    volume = {43},
    url = {http://linkinghub.elsevier.com/retrieve/pii/S0167639304000627},
    doi = {10.1016/j.specom.2004.03.007},
    issn = {01676393}
}

@article{Raj2004ReconstructionRecognitionb,
    title = {{Reconstruction of missing features for robust speech recognition}},
    year = {2004},
    journal = {Speech Communication},
    author = {Raj, Bhiksha and Seltzer, Michael L. and Stern, Richard M.},
    number = {4},
    month = {9},
    pages = {275--296},
    volume = {43},
    publisher = {North-Holland},
    url = {https://www.sciencedirect.com.bd.univalle.edu.co/science/article/pii/S0167639304000627#BIB6},
    doi = {10.1016/J.SPECOM.2004.03.007},
    issn = {0167-6393}
}

@article{Jurcicek2012ReinforcementSystems,
    title = {{Reinforcement learning for parameter estimation in statistical spoken dialogue systems}},
    year = {2012},
    journal = {Computer Speech {\&} Language},
    author = {Jur{\v{c}}{\'{i}}{\v{c}}ek, Filip and Thomson, Blaise and Young, Steve},
    number = {3},
    month = {6},
    pages = {168--192},
    volume = {26},
    publisher = {Academic Press},
    url = {https://www.sciencedirect.com.bd.univalle.edu.co/science/article/pii/S0885230811000490},
    doi = {10.1016/J.CSL.2011.09.004},
    issn = {0885-2308}
}

@article{Cooke2001RobustData,
    title = {{Robust automatic speech recognition with missing and unreliable acoustic data}},
    year = {2001},
    journal = {Speech Communication},
    author = {Cooke, Martin and Green, Phil and Josifovski, Ljubomir and Vizinho, Ascension},
    number = {3},
    month = {6},
    pages = {267--285},
    volume = {34},
    publisher = {North-Holland},
    url = {https://www.sciencedirect.com/science/article/pii/S0167639300000340?via%3Dihub},
    doi = {10.1016/S0167-6393(00)00034-0},
    issn = {0167-6393}
}

@article{Kingsbury1998RobustSpectrogram,
    title = {{Robust speech recognition using the modulation spectrogram}},
    year = {1998},
    journal = {Speech Communication},
    author = {Kingsbury, Brian E.D and Morgan, Nelson and Greenberg, Steven},
    number = {1-3},
    month = {8},
    pages = {117--132},
    volume = {25},
    publisher = {North-Holland},
    url = {https://www.sciencedirect.com/science/article/pii/S0167639398000326?via%3Dihub},
    doi = {10.1016/S0167-6393(98)00032-6},
    issn = {0167-6393}
}

@article{Kingsbury1998RobustSpectrogramb,
    title = {{Robust speech recognition using the modulation spectrogram}},
    year = {1998},
    journal = {Speech Communication},
    author = {Kingsbury, Brian E.D and Morgan, Nelson and Greenberg, Steven},
    number = {1-3},
    month = {8},
    pages = {117--132},
    volume = {25},
    publisher = {North-Holland},
    url = {https://www.sciencedirect.com.bd.univalle.edu.co/science/article/pii/S0167639398000326},
    doi = {10.1016/S0167-6393(98)00032-6},
    issn = {0167-6393}
}

@misc{TheGoBlogShareCommunicating,
    title = {{Share Memory By Communicating}},
    author = {{The Go Blog}},
    url = {https://blog.golang.org/share-memory-by-communicating}
}

@article{Rennie2010Single-ChannelRecognition,
    title = {{Single-Channel Multitalker Speech Recognition}},
    year = {2010},
    journal = {IEEE Signal Processing Magazine},
    author = {Rennie, Steven and Hershey, John and Olsen, Peder},
    month = {11},
    url = {http://ieeexplore.ieee.org/document/5563101/},
    doi = {10.1109/MSP.2010.938081},
    issn = {1053-5888}
}

@article{Jurafsky2000SpeechRecognition,
    title = {{Speech and Language Processing: An Introduction to Natural Language Processing, Computational Linguistics, and Speech Recognition}},
    year = {2000},
    author = {Jurafsky, D and Martin, JH},
    url = {https://dl.acm.org/citation.cfm?id=555733}
}

@article{Vintsyuk1972SpeechProgramming,
    title = {{Speech discrimination by dynamic programming}},
    year = {1972},
    journal = {Cybernetics},
    author = {Vintsyuk, T. K.},
    number = {1},
    pages = {52--57},
    volume = {4},
    publisher = {Kluwer Academic Publishers-Plenum Publishers},
    url = {http://link.springer.com/10.1007/BF01074755},
    doi = {10.1007/BF01074755},
    issn = {0011-4235}
}

@misc{Martin1964SPEECHTECHNIQUES.,
    title = {{SPEECH RECOGNITION BY FEATURE-ABSTRACTION TECHNIQUES.}},
    year = {1964},
    author = {Martin, T B and Nelson, A L and Zadell, H J},
    url = {http://www.dtic.mil/docs/citations/AD0604526},
    keywords = {*SPACE COMMUNICATIONS, *SPEECH RECOGNITION, AUTOMATIC, BANDPASS FILTERS, CIRCUITS, COMPUTERS, NARROWBAND, NETWORKS, NEUROLOGY, SPEECH TRANSMISSION, VOCABULARY, VOICE COMMUNICATIONS}
}

@article{Becerra2017SpeechProcessing,
    title = {{Speech recognition in a dialog system: from conventional to deep processing}},
    year = {2017},
    journal = {Multimedia Tools and Applications},
    author = {Becerra, Aldonso and de la Rosa, J. Ismael and Gonz{\'{a}}lez, Efrén},
    month = {9},
    pages = {1--37},
    publisher = {Springer US},
    url = {http://link.springer.com/10.1007/s11042-017-5160-5},
    doi = {10.1007/s11042-017-5160-5},
    issn = {1380-7501}
}

@inproceedings{Fu-HuaLiuSpeechCorpus,
    title = {{Speech recognition on Mandarin Call Home: a large-vocabulary, conversational, and telephone speech corpus}},
    booktitle = {1996 IEEE International Conference on Acoustics, Speech, and Signal Processing Conference Proceedings},
    author = {{Fu-Hua Liu} and Picheny, M. and Srinivasa, P. and Monkowski, M. and Chen, J.},
    pages = {157--160},
    volume = {1},
    publisher = {IEEE},
    url = {http://ieeexplore.ieee.org/document/540314/},
    isbn = {0-7803-3192-3},
    doi = {10.1109/ICASSP.1996.540314}
}

@article{Nagata1964SpokenLanguage,
    title = {{Spoken Digit Recognizer for the Japanese Language}},
    year = {1964},
    journal = {Journal of the Audio Engineering Society},
    author = {Nagata, Kuniichi and Kato, Yasuo and Chiba, Seibi},
    number = {4},
    month = {10},
    pages = {336--342},
    volume = {12},
    publisher = {Audio Engineering Society},
    url = {http://www.aes.org/e-lib/browse.cfm?elib=720}
}

@article{DeMori2008SpokenUnderstanding,
    title = {{Spoken language understanding}},
    year = {2008},
    journal = {IEEE Signal Processing Magazine},
    author = {De Mori, R. and Bechet, F. and Hakkani-Tur, D. and McTear, M. and Riccardi, G. and Tur, G.},
    number = {3},
    month = {5},
    pages = {50--58},
    volume = {25},
    url = {http://ieeexplore.ieee.org/document/4490201/},
    doi = {10.1109/MSP.2008.918413},
    issn = {1053-5888}
}

@article{Ye-YiWang2005SpokenUnderstanding,
    title = {{Spoken language understanding}},
    year = {2005},
    journal = {IEEE Signal Processing Magazine},
    author = {{Ye-Yi Wang} and {Li Deng} and Acero, A.},
    number = {5},
    month = {9},
    pages = {16--31},
    volume = {22},
    url = {http://ieeexplore.ieee.org/document/1511821/},
    doi = {10.1109/MSP.2005.1511821},
    issn = {1053-5888}
}

@article{ChiuSTATE-OF-THE-ARTMODELS,
    title = {{STATE-OF-THE-ART SPEECH RECOGNITION WITH SEQUENCE-TO-SEQUENCE MODELS}},
    author = {Chiu, Chung-Cheng and Sainath, Tara N and Wu, Yonghui and Prabhavalkar, Rohit and Nguyen, Patrick and Chen, Zhifeng and Kannan, Anjuli and Weiss, Ron J and Rao, Kanishka and Gonina, Ekaterina and Jaitly, Navdeep and Li, Bo and Chorowski, Jan and Google, Michiel Bacchiani},
    url = {https://arxiv.org/pdf/1712.01769.pdf}
}

@article{Delcroix2015StrategiesEnvironments,
    title = {{Strategies for distant speech recognitionin reverberant environments}},
    year = {2015},
    journal = {EURASIP Journal on Advances in Signal Processing},
    author = {Delcroix, Marc and Yoshioka, Takuya and Ogawa, Atsunori and Kubo, Yotaro and Fujimoto, Masakiyo and Ito, Nobutaka and Kinoshita, Keisuke and Espi, Miquel and Araki, Shoko and Hori, Takaaki and Nakatani, Tomohiro},
    number = {1},
    month = {12},
    pages = {60},
    volume = {2015},
    publisher = {Nature Publishing Group},
    url = {https://asp-eurasipjournals.springeropen.com/articles/10.1186/s13634-015-0245-7},
    doi = {10.1186/s13634-015-0245-7},
    issn = {1687-6180},
    keywords = {Image and Speech Processing, Quantum Information Technology, Signal, Spintronics}
}

@misc{TheGoProgrammingLanguageStructures,
    title = {{Structures}},
    author = {{The Go Programming Language}},
    url = {https://tour.golang.org/moretypes/2}
}

@inproceedings{Godfrey1992SWITCHBOARD:Development,
    title = {{SWITCHBOARD: telephone speech corpus for research and development}},
    year = {1992},
    booktitle = {[Proceedings] ICASSP-92: 1992 IEEE International Conference on Acoustics, Speech, and Signal Processing},
    author = {Godfrey, J.J. and Holliman, E.C. and McDaniel, J.},
    pages = {517--520},
    publisher = {IEEE},
    url = {http://ieeexplore.ieee.org/document/225858/},
    isbn = {0-7803-0532-9},
    doi = {10.1109/ICASSP.1992.225858}
}

@inproceedings{PriceTheRecognition,
    title = {{The DARPA 1000-word resource management database for continuous speech recognition}},
    booktitle = {ICASSP-88., International Conference on Acoustics, Speech, and Signal Processing},
    author = {Price, P. and Fisher, W.M. and Bernstein, J. and Pallett, D.S.},
    pages = {651--654},
    publisher = {IEEE},
    url = {http://ieeexplore.ieee.org/document/196669/},
    doi = {10.1109/ICASSP.1988.196669}
}

@article{CieriTheSpeech-to-Text,
    title = {{The Fisher Corpus: a Resource for the Next Generations of Speech-to-Text}},
    author = {Cieri, Christopher and Miller, David and Walker, Kevin},
    url = {https://pdfs.semanticscholar.org/a723/97679079439b075de815553c7b687ccfa886.pdf}
}

@book{BritishInstitutionofRadioEngineers.1959TheEngineers.,
    title = {{The journal of the British Institution of Radio Engineers.}},
    year = {1959},
    booktitle = {Journal of the British Institution of Radio Engineers},
    author = {British Institution of Radio Engineers., P.},
    number = {4},
    month = {4},
    pages = {219--229},
    volume = {19},
    publisher = {British Institution of Radio Engineers},
    url = {http://digital-library.theiet.org/content/journals/10.1049/jbire.1959.0027},
    issn = {2054-054X}
}

@inproceedings{PaulTheRecognizer,
    title = {{The Lincoln robust continuous speech recognizer}},
    booktitle = {International Conference on Acoustics, Speech, and Signal Processing},
    author = {Paul, D.B.},
    pages = {449--452},
    publisher = {IEEE},
    url = {http://ieeexplore.ieee.org/document/266460/},
    doi = {10.1109/ICASSP.1989.266460}
}

@inproceedings{Zue1989TheReport,
    title = {{The MIT SUMMIT Speech Recognition system: a progress report}},
    year = {1989},
    booktitle = {Proceedings of the workshop on Speech and Natural Language  - HLT '89},
    author = {Zue, Victor and Glass, James and Phillips, Michael and Seneff, Stephanie},
    pages = {179--189},
    publisher = {Association for Computational Linguistics},
    url = {http://portal.acm.org/citation.cfm?doid=100964.100983},
    address = {Morristown, NJ, USA},
    doi = {10.3115/100964.100983}
}

@article{Ma2013TheChallenge,
    title = {{The PASCAL CHiME speech separation and recognition challenge}},
    year = {2013},
    journal = {Computer Speech {\&} Language},
    author = {Ma, Ning and Christensen, Heidi and Green, Phil},
    number = {3},
    month = {5},
    pages = {621--633},
    volume = {27},
    publisher = {Academic Press},
    url = {https://www.sciencedirect.com.bd.univalle.edu.co/science/article/pii/S0885230812000861},
    doi = {10.1016/J.CSL.2012.10.004},
    issn = {0885-2308}
}

@article{Sakai1961TheMechanism,
    title = {{The Phonetic Typewriter: Its Fundamentals and Mechanism}},
    year = {1961},
    author = {Sakai, Toshiyuki},
    url = {https://repository.kulib.kyoto-u.ac.jp/dspace/bitstream/2433/52639/1/soa001_140.pdf}
}

@incollection{Gurevich1993TheLanguage,
    title = {{The semantics of the C programming language}},
    year = {1993},
    author = {Gurevich, Yuri and Huggins, James K.},
    pages = {274--308},
    publisher = {Springer, Berlin, Heidelberg},
    url = {http://link.springer.com/10.1007/3-540-56992-8_17},
    doi = {10.1007/3-540-56992-8{\_}17}
}

@book{Denes1973TheLanguage,
    title = {{The speech chain; the physics and biology of spoken language}},
    year = {1973},
    author = {Denes, Peter B. and Pinson, Elliot N.},
    pages = {217},
    publisher = {Anchor Press},
    isbn = {0385042388}
}

@article{Rosenzweig1995TheCorrectness,
    title = {{The WAM Definition and Compiler Correctness}},
    year = {1995},
    journal = {Series in Computer Science and Artiicial Intelligence},
    author = {Rosenzweig, Dean and Borger, Egon},
    number = {2},
    pages = {20--90},
    url = {http://pages.di.unipi.it/borger/Papers/LogicPgg/wamFeb94.pdf}
}

@article{ChomskyTHREELANGUAGE,
    title = {{THREE MODELS FOR THE DESCRIPTION OF LANGUAGE}},
    author = {Chomsky, Noam},
    url = {https://chomsky.info/wp-content/uploads/195609-.pdf}
}

@article{Edlund2008TowardsSystems,
    title = {{Towards human-like spoken dialogue systems}},
    year = {2008},
    journal = {Speech Communication},
    author = {Edlund, Jens and Gustafson, Joakim and Heldner, Mattias and Hjalmarsson, Anna},
    number = {8-9},
    month = {8},
    pages = {630--645},
    volume = {50},
    publisher = {North-Holland},
    url = {https://www.sciencedirect.com.bd.univalle.edu.co/science/article/pii/S016763930800054X},
    doi = {10.1016/J.SPECOM.2008.04.002},
    issn = {0167-6393}
}

@inproceedings{MirghaforiTowardsASR,
    title = {{Towards robustness to fast speech in ASR}},
    booktitle = {1996 IEEE International Conference on Acoustics, Speech, and Signal Processing Conference Proceedings},
    author = {Mirghafori, N. and Fosler, E. and Morgan, N.},
    pages = {335--338},
    volume = {1},
    publisher = {IEEE},
    url = {http://ieeexplore.ieee.org/document/541100/},
    isbn = {0-7803-3192-3},
    doi = {10.1109/ICASSP.1996.541100}
}

@article{ChanTransferringDNN,
    title = {{Transferring Knowledge from a RNN to a DNN}},
    author = {Chan, William and Ke, Nan Rosemary and Lane, Ian},
    url = {https://arxiv.org/pdf/1504.01483.pdf},
    keywords = {Automatic Speech Recognition, Deep Neural Networks, Embedded Platforms, Index Terms, Model Compression, Recurrent Neural Net-works}
}

@article{Baker2009UpdatedEducation,
    title = {{Updated MINDS report on speech recognition and understanding, Part 2 [DSP Education]}},
    year = {2009},
    journal = {IEEE Signal Processing Magazine},
    author = {Baker, J. and {Li Deng} and Khudanpur, S. and {Chin-Hui Lee} and Glass, J. and Morgan, N. and O'Shaughnessy, D.},
    number = {4},
    month = {7},
    pages = {78--85},
    volume = {26},
    url = {http://ieeexplore.ieee.org/document/5174501/},
    doi = {10.1109/MSP.2009.932707},
    issn = {1053-5888}
}

@misc{TheGoProgrammingLanguageVariables,
    title = {{Variables}},
    author = {{The Go Programming Language}},
    url = {https://tour.golang.org/basics/9}
}

@article{Oger2014Web-basedRecognition,
    title = {{Web-based possibilistic language models for automatic speech recognition}},
    year = {2014},
    journal = {Computer Speech {\&} Language},
    author = {Oger, Stanislas and Linar{\`{e}}s, Georges},
    number = {4},
    month = {7},
    pages = {923--939},
    volume = {28},
    publisher = {Academic Press},
    url = {https://www.sciencedirect.com.bd.univalle.edu.co/science/article/pii/S0885230814000163#BIB6},
    doi = {10.1016/J.CSL.2014.02.003},
    issn = {0885-2308}
}

@article{RobinsonWSJCAM0:RECOGNITION,
    title = {{WSJCAM0: A BRITISH ENGLISH SPEECH CORPUS FOR LARGE VOCABULARY CONTINUOUS SPEECH RECOGNITION}},
    author = {Robinson, Tony and Fransen, Jeroen and Pye, David and Foote, Jonathan and Renals, Steve},
    url = {https://pdfs.semanticscholar.org/ac30/a9dff7e7e6deb04d6e84dfd65cab82a3488c.pdf}
}